@ARTICLE{LK,
    author = {Jean-yves Bouguet},
    title = {Pyramidal implementation of the Lucas Kanade feature tracker},
    journal = {Intel Corporation, Microprocessor Research Labs},
    year = {2000}
}

@article{articlezhou,
author = {Zhou, Huiyu and Yuan, Yuan and Shi, Chunmei},
year = {2009},
month = {03},
pages = {345-352},
title = {Object tracking using SIFT features and mean shift},
volume = {113},
booktitle = {Computer Vision and Image Understanding}
}

@INPROCEEDINGS{6755885, 
author={M. Kristan and R. Pflugfelder and A. Leonardis and J. Matas and F. Porikli and L. Cehovin and G. Nebehay and G. Fernandez and T. Vojir and A. Gatt and A. Khajenezhad and A. Salahledin and A. Soltani-Farani and A. Zarezade and A. Petrosino and A. Milton and B. Bozorgtabar and B. Li and C. S. Chan and C. Heng and D. Ward and D. Kearney and D. Monekosso and H. C. Karaimer and H. R. Rabiee and J. Zhu and J. Gao and J. Xiao and J. Zhang and J. Xing and K. Huang and K. Lebeda and L. Cao and M. E. Maresca and M. K. Lim and M. El Helw and M. Felsberg and P. Remagnino and R. Bowden and R. Goecke and R. Stolkin and S. Y. Lim and S. Maher and S. Poullot and S. Wong and S. Satoh and W. Chen and W. Hu and X. Zhang and Y. Li and Z. Niu}, 
booktitle={2013 IEEE International Conference on Computer Vision Workshops}, 
title={The Visual Object Tracking VOT2013 Challenge Results}, 
year={2013}, 
volume={}, 
number={}, 
pages={98-111}, 
keywords={cameras;computer vision;image motion analysis;object tracking;ICCV2013;VOT2013 challenge;camera motion;evaluation protocol;illumination change;motion change;object appearance;occlusion;single-object visual trackers;size change;tracker benchmarking;tracking-related problems;visual attributes;visual object tracking;Accuracy;Australia;Educational institutions;Protocols;Target tracking;Visualization;VOT2013;Visual object tracking challenge}, 
doi={10.1109/ICCVW.2013.20}, 
ISSN={}, 
month={Dec},}

@InProceedings{sports,
  author =	{Janez Pers and Matej Kristan and Matej Perse and Stanislav Kovacic},
  title =	{Analysis of Player Motion in Sport Matches},
  booktitle =	{Computer Science in Sport - Mission and Methods},
  year =	{2008},
  editor =	{Arnold Baca and Martin Lames and Keith Lyons and Bernhard Nebel and Josef Wiemeyer},
  number =	{08372},
  series =	{Dagstuhl Seminar Proceedings},
  ISSN =	{1862-4405},
  publisher =	{Schloss Dagstuhl - Leibniz-Zentrum fuer Informatik, Germany},
  address =	{Dagstuhl, Germany},
  URL =		{http://drops.dagstuhl.de/opus/volltexte/2008/1689},
  annote =	{Keywords: Motion analysis, computer vision, performance analysis}
}

@INPROCEEDINGS{6139506, 
author={S. Chandana}, 
booktitle={2011 Annual IEEE India Conference}, 
title={Real time video surveillance system using motion detection}, 
year={2011}, 
volume={}, 
number={}, 
pages={1-6}, 
keywords={image motion analysis;object tracking;video recording;video surveillance;automatic monitoring;background subtraction;borders;buffer zones;illegal immigrants;image subtraction method;live video feed;military conflicts;motion detection;moving object tracking;real time video surveillance system;restricted area security;terrorism;video feed recording;Cameras;Correlation;Graphical user interfaces;MATLAB;Motion detection;Streaming media;Surveillance;Detection;Motion;Moving object detection and security;Surveillance;System}, 
doi={10.1109/INDCON.2011.6139506}, 
ISSN={2325-940X}, 
month={Dec},}
} 

@techreport{Horn:1980:DOF:888857,
 author = {Horn, Berthold K.P. and Schunck, Brian G.},
 title = {Determining Optical Flow},
 year = {1980},
 source = {http://www.ncstrl.org:8900/ncstrl/servlet/search?formname=detail\&id=oai%3Ancstrlh%3Amitai%3AMIT-AILab%2F%2FAIM-572},
 publisher = {Massachusetts Institute of Technology},
 address = {Cambridge, MA, USA},
} 

@incollection{NIPS20124824,
title = {ImageNet Classification with Deep Convolutional Neural Networks},
author = {Alex Krizhevsky and Sutskever, Ilya and Hinton, Geoffrey E},
booktitle = {Advances in Neural Information Processing Systems 25},
editor = {F. Pereira and C. J. C. Burges and L. Bottou and K. Q. Weinberger},
pages = {1097--1105},
year = {2012},
publisher = {Curran Associates, Inc.},
url = {http://papers.nips.cc/paper/4824-imagenet-classification-with-deep-convolutional-neural-networks.pdf}
}

@article{DBLP:journals/corr/GirshickDDM13,
  author    = {Ross B. Girshick and
               Jeff Donahue and
               Trevor Darrell and
               Jitendra Malik},
  title     = {Rich feature hierarchies for accurate object detection and semantic
               segmentation},
  journal   = {CoRR},
  volume    = {abs/1311.2524},
  year      = {2013},
  url       = {http://arxiv.org/abs/1311.2524},
  archivePrefix = {arXiv},
  eprint    = {1311.2524},
  timestamp = {Wed, 07 Jun 2017 14:43:00 +0200},
  biburl    = {http://dblp.org/rec/bib/journals/corr/GirshickDDM13},
  bibsource = {dblp computer science bibliography, http://dblp.org}
}

@article{DBLP:journals/corr/RenHG015,
  author    = {Shaoqing Ren and
               Kaiming He and
               Ross B. Girshick and
               Jian Sun},
  title     = {Faster {R-CNN:} Towards Real-Time Object Detection with Region Proposal
               Networks},
  journal   = {CoRR},
  volume    = {abs/1506.01497},
  year      = {2015},
  url       = {http://arxiv.org/abs/1506.01497},
  archivePrefix = {arXiv},
  eprint    = {1506.01497},
  timestamp = {Wed, 07 Jun 2017 14:42:40 +0200},
  biburl    = {http://dblp.org/rec/bib/journals/corr/RenHG015},
  bibsource = {dblp computer science bibliography, http://dblp.org}
}


@article{DBLP:journals/corr/RedmonDGF15,
  author    = {Joseph Redmon and
               Santosh Kumar Divvala and
               Ross B. Girshick and
               Ali Farhadi},
  title     = {You Only Look Once: Unified, Real-Time Object Detection},
  journal   = {CoRR},
  volume    = {abs/1506.02640},
  year      = {2015},
  url       = {http://arxiv.org/abs/1506.02640},
  archivePrefix = {arXiv},
  eprint    = {1506.02640},
  timestamp = {Wed, 07 Jun 2017 14:40:10 +0200},
  biburl    = {http://dblp.org/rec/bib/journals/corr/RedmonDGF15},
  bibsource = {dblp computer science bibliography, http://dblp.org}
}

@article{DBLP:journals/corr/Lipton15,
  author    = {Zachary Chase Lipton},
  title     = {A Critical Review of Recurrent Neural Networks for Sequence Learning},
  journal   = {CoRR},
  volume    = {abs/1506.00019},
  year      = {2015},
  url       = {http://arxiv.org/abs/1506.00019},
  archivePrefix = {arXiv},
  eprint    = {1506.00019},
  timestamp = {Wed, 07 Jun 2017 14:40:13 +0200},
  biburl    = {http://dblp.org/rec/bib/journals/corr/Lipton15},
  bibsource = {dblp computer science bibliography, http://dblp.org}
}


@Article{Hochreiter:1997:LSM:1246443.1246450,
  author     = {Hochreiter, Sepp and Schmidhuber, J\"{u}rgen},
  title      = {Long Short-Term Memory},
  journal    = {Neural Comput.},
  year       = {1997},
  volume     = {9},
  number     = {8},
  pages      = {1735--1780},
  month      = nov,
  issn       = {0899-7667},
  acmid      = {1246450},
  address    = {Cambridge, MA, USA},
  doi        = {10.1162/neco.1997.9.8.1735},
  issue_date = {November 15, 1997},
  numpages   = {46},
  publisher  = {MIT Press},
  url        = {http://dx.doi.org/10.1162/neco.1997.9.8.1735},
}

@article{DBLP:journals/corr/YosinskiCB,
  author    = {Jason Yosinski and
               Jeff Clune and
               Yoshua Bengio and
               Hod Lipson},
  title     = {How transferable are features in deep neural networks?},
  journal   = {CoRR},
  volume    = {abs/1411.1792},
  year      = {2014},
  url       = {http://arxiv.org/abs/1411.1792},
  archivePrefix = {arXiv},
  eprint    = {1411.1792},
  timestamp = {Wed, 07 Jun 2017 14:40:45 +0200},
  biburl    = {http://dblp.org/rec/bib/journals/corr/YosinskiCBL14},
  bibsource = {dblp computer science bibliography, http://dblp.org},
}


@article{DBLP:journals/corr/ValipourSJR16,
  author    = {Sepehr Valipour and
               Mennatullah Siam and
               Martin J{\"{a}}gersand and
               Nilanjan Ray},
  title     = {Recurrent Fully Convolutional Networks for Video Segmentation},
  journal   = {CoRR},
  volume    = {abs/1606.00487},
  year      = {2016},
  url       = {http://arxiv.org/abs/1606.00487},
  archivePrefix = {arXiv},
  eprint    = {1606.00487},
  timestamp = {Wed, 07 Jun 2017 14:41:01 +0200},
  biburl    = {http://dblp.org/rec/bib/journals/corr/ValipourSJR16},
  bibsource = {dblp computer science bibliography, http://dblp.org}
}