% Encoding: UTF-8

@Article{Khamkar2017,
  author = {Khamkar, Ajinkya},
  title  = {Distributed Network for Parallel Neural Networks},
  year   = {2017},
}

@Comment{jabref-meta: databaseType:bibtex;}
